@FOOTNOTE{Note1,key="Note1",note="Liposomas proporcionados por el grupo de biof\'{i}sica"}
@FOOTNOTE{Note2,key="Note2",note="Mediciones realizadas con la colaboraci\'{o}n del grupo de qu\'{i}mica arom\'{a}tica de la universidad"}
@FOOTNOTE{Note3,key="Note3",note="Este experimento fue realizado por el equipo del laboratorio de biof\'{i}sica"}
@CONTROL{REVTEX42Control}
@CONTROL{apsrev42Control,author="08",editor="1",pages="0",title="0",year="1"}
